% 2000 and before

@inproceedings{anderson1993cryptosystems,
  title={{Why Cryptosystems Fail}},
  author={Anderson, Ross},
  booktitle={Proc. ACM Conference on Computer and Communications Security (CCS)},
  year={1993}
}

@article{schneier1999cryptography,
  title={{Cryptography: The Importance of Not Being Different}},
  author={Schneier, Bruce},
  journal={Computer},
  volume={32},
  number={3},
  pages={108--109},
  year={1999},
  publisher={IEEE}
}

@inproceedings{shamir1999playing,
  title={{Playing ``hide and seek'' with stored keys}},
  author={Shamir, Adi and Van Someren, Nicko},
  booktitle={Proc. International conference on Financial Cryptography (FC)},
  year={1999},
}


@article{kelsey1998secure,
  title={Secure applications of low-entropy keys},
  author={Kelsey, John and Schneier, Bruce and Hall, Chris and Wagner, David},
  journal={Information Security},
  year={1998}
}


@article{schneier1998cryptographic,
  title={Cryptographic design vulnerabilities},
  author={Schneier, Bruce},
  journal={Computer},
  year={1998}
}




@article{shannon1949communication,
  title={{Communication Theory of Secrecy Systems}},
  author={Shannon, Claude E},
  journal={Bell system technical journal},
  volume={28},
  number={4},
  pages={656--715},
  year={1949},
  publisher={Wiley Online Library}
}

% 2001

% 2002

@article{samuelson2002law,
  title={{The Law and Economics of Reverse Engineering}},
  author={Samuelson, Pamela and Scotchmer, Suzanne},
  journal={Yale Law Journal},
  pages={1575--1663},
  year={2002},
  publisher={JSTOR}
}



% 2003



% 2004
@inproceedings{chow2004understanding,
  title={{Understanding Data Lifetime via Whole System Simulation}},
  author={Chow, Jim and Pfaff, Ben and Garfinkel, Tal and Christopher, Kevin and Rosenblum, Mendel},
  booktitle={Proc. USENIX Security Symposium},
  year={2004}
}


@inproceedings{nguyen2004can,
  title={{Can We Trust Cryptographic Software? Cryptographic Flaws in GNU Privacy Guard v1. 2.3}},
  author={Nguyen, Phong Q},
  booktitle={Proc. EUROCRYPT 2004},
}


@inproceedings{zhang2004whole,
  title={{Whole Execution Traces}},
  author={Zhang, Xiangyu and Gupta, Rajiv},
  booktitle={Proc. Annual IEEE/ACM International Symposium on Microarchitecture (MICRO)},
  year={2004},
}

% 2005

@article{apvrille2005secure,
  title={{Secure Software Development by Example}},
  author={Apvrille, Axelle and Pourzandi, Makan},
  journal={IEEE Security \& Privacy},
  volume={3},
  number={4},
  pages={10--17},
  year={2005},
  publisher={IEEE}
}



@article{wu2005misuse,
  title={{The Misuse of RC4 in Microsoft Word and Excel}},
  author={Wu, Hongjun},
  journal={IACR Cryptology ePrint Archive},
  year={2005}
}

@inproceedings{song2005ndss,
  title={{Dynamic Taint Analysis for Automatic Detection, Analysis, and Signature Generation of Exploits on Commodity Software}},
  author={Newsome, James and Song, Dawn},
  booktitle={Proc. 12th Annual Network and Distributed System Security Symposium (NDSS)},
  year={2005},
}

@inproceedings{luk2005pin,
  title={{Pin: Building Customized Program Analysis Tools with Dynamic Instrumentation}},
  author={Luk, C.K. and Cohn, R. and Muth, R. and Patil, H. and Klauser, A. and Lowney, G. and Wallace, S. and Reddi, V.J. and Hazelwood, K.},
  booktitle={Proc. ACM SIGPLAN Conference on Programming Language Design and Implementation (PLDI)},
  year={2005}
}


% 2006

% 2007
@article{barker2007nist-sp800-57,
  title={{Recommendation for Key Management}},
  author={Barker, Elaine and Barker, William and Burr, William and Polk, William and Smid, Miles},
  journal={NIST Special Publication},
  volume={800},
  number={57},
  year={2007}
}


@inproceedings{harrison2007protecting,
  title={{Protecting Cryptographic Keys from Memory Disclosure Attacks}},
  author={Harrison, Keith and Xu, Shouhuai},
  booktitle={Proc. 37th Annual IEEE/IFIP International Conference on Dependable Systems and Networks (DSN)},
  year={2007}
}


@inproceedings{dong2007protocol,
  title={Protocol Engineering Principles for Cryptographic Protocols Design},
  author={Dong, Ling and Chen, Kefei and Wen, Mi and Zheng, Yanfei},
  booktitle={Proc. 8th ACIS International Conference on Software Engineering, Artificial Intelligence, Networking, and Parallel/Distributed Computing},
  year={2007}
}

@inproceedings{caballero2007polyglot,
  title={Polyglot: Automatic extraction of protocol message format using dynamic binary analysis},
  author={Caballero, Juan and Yin, Heng and Liang, Zhenkai and Song, Dawn},
  booktitle={Proc. 14th ACM Conference on Computer and Communications Security},
  year={2007}
}

@inproceedings{cui2007discoverer,
  title={Discoverer: Automatic Protocol Reverse Engineering from Network Traces.},
  author={Cui, Weidong and Kannan, Jayanthkumar and Wang, Helen J},
  booktitle={Proc. 16th USENIX Security Symposium},
  year={2007}
}


% 2008

@article{lutz2008towards,
  title={{Towards Revealing Attacker¡¯s Intent by Automatically Decrypting Network Traffic}},
  author={Lutz, No{\'e}},
  journal={Master Thesis, ETH Z{\"u}rich, Switzerland},
  year={2008}
}



@inproceedings{mccamant2008quantitative,
  title={{Quantitative Information Flow as Network Flow Capacity}},
  author={McCamant, Stephen and Ernst, Michael D},
  booktitle={Proc. ACM SIGPLAN Conference on Programming Language Design and Implementation (PLDI)},
  year={2008}
}


@inproceedings{bhargavan2008cryptographically,
  title={Cryptographically verified implementations for TLS},
  author={Bhargavan, Karthikeyan and Fournet, C{\'e}dric and Corin, Ricardo and Zalinescu, Eugen},
  booktitle={Proc. 15th ACM Conference on Computer and Communications Security},
  year={2008}
}

@inproceedings{lin2008automatic,
  title={Automatic Protocol Format Reverse Engineering through Context-Aware Monitored Execution.},
  author={Lin, Zhiqiang and Jiang, Xuxian and Xu, Dongyan and Zhang, Xiangyu},
  booktitle={Proc. 15th Network and Distributed System Security Symposium},
  year={2008}
}

@inproceedings{cui2008tupni,
  title={Tupni: Automatic reverse engineering of input formats},
  author={Cui, Weidong and Peinado, Marcus and Chen, Karl and Wang, Helen J and Irun-Briz, Luis},
  booktitle={Proc. 15th ACM Conference on Computer and Communications Security},
  year={2008}
}

@inproceedings{blanchet2008automated,
  title={Automated formal analysis of a protocol for secure file sharing on untrusted storage},
  author={Blanchet, Bruno and Chaudhuri, Avik},
  booktitle={Proc. IEEE Symposium on Security and Privacy (S\&P)},
  year={2008}
}


@inproceedings{hargreaves2008recovery,
  title={{Recovery of Encryption Keys from Memory Using a Linear Scan}},
  author={Hargreaves, Christopher and Chivers, Howard},
  booktitle={Proc. International Conference on Availability, Reliability and Security (ARES)},
  year={2008}
}


% 2009
@incollection{wang2009reformat,
  title={ReFormat: Automatic reverse engineering of encrypted messages},
  author={Wang, Zhi and Jiang, Xuxian and Cui, Weidong and Wang, Xinyuan and Grace, Mike},
  booktitle={Proc. 14th European Symposium on Research in Computer Security},
  year={2009}
}

@inproceedings{newsome2009measuring,
  title={{Measuring Channel Capacity to Distinguish Undue Influence}},
  author={Newsome, James and McCamant, Stephen and Song, Dawn},
  booktitle={Proc. ACM SIGPLAN Workshop on Programming Languages and Analysis for Security (PLAS)},
  year={2009}
}

@inproceedings{heninger2009reconstructing,
  title={{Reconstructing RSA Private Keys from Random Key Bits}},
  author={Heninger, Nadia and Shacham, Hovav},
  booktitle={Halevi S. (eds) Advances in Cryptology - CRYPTO 2009. Lecture Notes in Computer Science, vol 5677.},
  publisher={Springer, Berlin, Heidelberg},
  year={2009},
}


@inproceedings{backes2009automatic,
  title={{Automatic Discovery and Quantification of Information Leaks}},
  author={Backes, Michael and Kopf, Boris and Rybalchenko, Andrey},
  booktitle={Proc. 30th IEEE Symposium on Security and Privacy},
  year={2009}
}

@inproceedings{caballero2009dispatcher,
  title={{Dispatcher: Enabling Active Botnet Infiltration using Automatic Protocol Reverse-Engineering}},
  author={Caballero, Juan and Poosankam, Pongsin and Kreibich, Christian and Song, Dawn},
  booktitle={Proc. 16th ACM Conference on Computer and Communications Security (CCS)},
  year={2009}
}


@inproceedings{comparetti2009prospex,
  title={Prospex: Protocol specification extraction},
  author={Comparetti, Paolo Milani and Wondracek, Gilbert and Kruegel, Christopher and Kirda, Engin},
  booktitle={Proc. 30th IEEE Symposium on Security and Privacy},
  year={2009}
}

@inproceedings{saebjornsen2009detecting,
  title={Detecting code clones in binary executables},
  author={S{\ae}bj{\o}rnsen, Andreas and Willcock, Jeremiah and Panas, Thomas and Quinlan, Daniel and Su, Zhendong},
  booktitle={Proc. 18th International Symposium on Software Testing and Analysis},
  year={2009}
}



@article{halderman2009lest,
  title={{Lest We Remember: Cold Boot Attacks on Encryption Keys}},
  author={Halderman, J Alex and Schoen, Seth D and Heninger, Nadia and Clarkson, William and Paul, William and Calandrino, Joseph A and Feldman, Ariel J and Appelbaum, Jacob and Felten, Edward W},
  journal={Communications of the ACM},
  volume={52},
  number={5},
  pages={91--98},
  year={2009},
  publisher={ACM}
}

@inproceedings{akavia2009simultaneous,
  title={Simultaneous hardcore bits and cryptography against memory attacks},
  author={Akavia, Adi and Goldwasser, Shafi and Vaikuntanathan, Vinod},
  booktitle={Theory of Cryptography Conference},
  pages={474--495},
  year={2009},
  organization={Springer}
}



@inproceedings{standaert2009unified,
  title={A unified framework for the analysis of side-channel key recovery attacks},
  author={Standaert, Fran{\c{c}}ois-Xavier and Malkin, Tal G and Yung, Moti},
  booktitle={Annual International Conference on the Theory and Applications of Cryptographic Techniques},
  pages={443--461},
  year={2009},
  organization={Springer}
}

@article{maartmann2009persistence,
  title={{The persistence of memory: Forensic identification and extraction of cryptographic keys}},
  author={Maartmann-Moe, Carsten and Thorkildsen, Steffen E and {\AA}rnes, Andr{\'e}},
  journal={Digital Investigation},
  volume={6},
  pages={132--140},
  year={2009},
  publisher={Elsevier}
}


% 2010

@inproceedings{schwartz2010oakland,
  title={{All You Ever Wanted to Know About Dynamic Taint Analysis and Forward Symbolic Execution (but might have been afraid to ask)}},
  author={Schwartz, Edward J and Avgerinos, Thanassis and Brumley, David},
  booktitle={Proc. 31st IEEE Symposium on Security and Privacy (S\&P)},
  year={2010}
}

@inproceedings{kolbitsch2010inspector,
  title={{Inspector Gadget: Automated extraction of proprietary gadgets from malware binaries}},
  author={Kolbitsch, Clemens and Holz, Thorsten and Kruegel, Christopher and Kirda, Engin},
  booktitle={Proc. IEEE Symposium on Security and Privacy (S\&P)},
  year={2010}
}


@inproceedings{carbin2010snap,
  title={{Automatically Identifying Critical Input Regions and Code in Applications}},
  author={Carbin, Michael and Rinard, Martin C},
  booktitle={Proc. 19th International Symposium on Software Testing and Analysis (ISSTA)},
  year={2010}
}

@phdthesis{caballero2010grammar,
  title={Grammar and model extraction for security applications using dynamic program binary analysis},
  author={Caballero, Juan},
  year={2010},
  school={Department of Electrical and Computer Engineering, Carnegie Mellon University, Pittsburgh, PA}
}

@inproceedings{cho2010inference,
  title={Inference and analysis of formal models of botnet command and control protocols},
  author={Cho, Chia Yuan and Shin, Eui Chul Richard and Song, Dawn and others},
  booktitle={Proc. 17th ACM Conference on Computer and Communications Security},
  year={2010}
}


@article{roberts20102010,
  title={2010 circumvention tool usage report},
  author={Roberts, Hal and Zuckerman, Ethan and York, Jillian and Faris, Robert and Palfrey, John},
  journal={The Berkman Center for Internet and Society},
  year={2010}
}



% 2011

@inproceedings{oksanen2011detecting,
  title={Detecting algorithms using dynamic analysis},
  author={Oksanen, Kenneth},
  booktitle={Proc. 9th International Workshop on Dynamic Analysis},
  year={2011}
}


@inproceedings{grobert2011automated,
  title={{Automated Identification of Cryptographic Primitives in Binary Programs}},
  author={Gr{\"o}bert, Felix and Willems, Carsten and Holz, Thorsten},
  booktitle={Proc. International Symposium on Recent Advances in Intrusion Detection (RAID)},
  year={2011}
}

@inproceedings{duong2011cryptography,
  title={{Cryptography in the Web: The Case of Cryptographic Design Flaws in ASP.NET}},
  author={Duong, Thai and Rizzo, Juliano},
  booktitle={Proc. IEEE Symposium on Security and Privacy (S\&P)},
  year={2011}
}

@inproceedings{zhao2011automatic,
  title={Automatic extraction of secrets from malware},
  author={Zhao, Ziming and Ahn, Gail-Joon and Hu, Hongxin},
  booktitle={Proc. Working Conference on Reverse Engineering (WCRE)},
  year={2011}
}



@inproceedings{ruoxu2011detection,
  title={{Detection and Analysis of Cryptographic Data Inside Software}},
  author={Zhao, Ruoxu and Gu, Dawu and Li, Juanru},
  booktitle={Proc. Information Security Conference (ISC)},
  year={2011}
}


@article{zong2011security,
  title={Security Analysis and Improvement of QQ Login Protocol},
  author={Yi, Zongxiang},
  journal={Netinfo Security},
  year={2011}
}

@inproceedings{aizatulin2011extracting,
  title={Extracting and verifying cryptographic models from C protocol code by symbolic execution},
  author={Aizatulin, Mihhail and Gordon, Andrew D and J{\"u}rjens, Jan},
  booktitle={Proc. 18th ACM Conference on Computer and Communications Security},
  year={2011}
}


% 2012



@inproceedings{calvet2012aligot,
  title={{Aligot: Cryptographic Function Identification in Obfuscated Binary Programs}},
  author={Calvet, Joan and Fernandez, Jos{\'e} M and Marion, Jean-Yves},
  booktitle={Proc. ACM Conference on Computer and Communications Security (CCS)},
  year={2012}
}


@article{barker2012nist-sp800-133,
  title={{Recommendation for Cryptographic Key Generation}},
  author={Barker, Elaine and Roginsky, Allen},
  journal={NIST Special Publication},
  volume={800},
  number={133},
  year={2012},
}


@article{barak2012possibility,
  title={On the (im) possibility of obfuscating programs},
  author={Barak, Boaz and Goldreich, Oded and Impagliazzo, Russell and Rudich, Steven and Sahai, Amit and Vadhan, Salil and Yang, Ke},
  journal={Journal of the ACM},
  year={2012}
}


@inproceedings{zhao2012detecting,
  title={{Detecting Encryption Functions via Process Emulation and IL-based Program Analysis}},
  author={Zhao, Ruoxu and Gu, Dawu and Li, Juanru and Liu, Hui},
  booktitle={Proc. International Conference on Information and Communications Security (ICICS)},
  year={2012}
}


@inproceedings{kemerlis2012libdft,
  title={{libdft: Practical Dynamic Data Flow Tracking for Commodity Systems}},
  author={Kemerlis, Vasileios P and Portokalidis, Georgios and Jee, Kangkook and Keromytis, Angelos D},
  booktitle={Proc. ACM SIGPLAN/SIGOPS conference on Virtual Execution Environments (VEE)},
  year={2012}
}

@inproceedings{georgiev2012most,
  title={The most dangerous code in the world: validating SSL certificates in non-browser software},
  author={Georgiev, Martin and Iyengar, Subodh and Jana, Suman and Anubhai, Rishita and Boneh, Dan and Shmatikov, Vitaly},
  booktitle={Proc. ACM Conference on Computer and Communications Security (CCS)},
  year={2012}
}

@inproceedings{fahl2012eve,
  title={Why Eve and Mallory love Android: An analysis of Android SSL (in) security},
  author={Fahl, Sascha and Harbach, Marian and Muders, Thomas and Baumg{\"a}rtner, Lars and Freisleben, Bernd and Smith, Matthew},
  booktitle={Proc. 19th ACM Conference on Computer and Communications Security},
  year={2012}
}


@inproceedings{matenaar2012cis,
  title={{CIS: The Crypto Intelligence System for Automatic Detection and Localization of Cryptographic Functions in Current Malware}},
  author={Matenaar, Felix and Wichmann, Andre and Leder, Felix and Gerhards-Padilla, Elmar},
  booktitle={Proc. International Conference on Malicious and Unwanted Software (Malware)},
  year={2012}
}

@article{li2012cipherxray,
  title={{CipherXRay: Exposing Cryptographic Operations and Transient Secrets from Monitored Binary Execution}},
  author={Li, Xin and Wang, Xinyuan and Chang, Wentao},
  journal={IEEE Transactions on Dependable and Secure Computing},
  volume={11},
  number={2},
  pages={101--114},
  year={2012},
  publisher={IEEE}
}

% 2013
@inproceedings{dodis2013security,
  title={{Security Analysis of Pseudo-random Number Generators with Input:/dev/random is not Robust}},
  author={Dodis, Yevgeniy and Pointcheval, David and Ruhault, Sylvain and Vergniaud, Damien and Wichs, Daniel},
  booktitle={Proc. ACM Conference on Computer and Communications Security (CCS)},
  year={2013}
}

@inproceedings{egele2013empirical,
  title={{An Empirical Study of Cryptographic Misuse in Android Applications}},
  author={Egele, Manuel and Brumley, David and Fratantonio, Yanick and Kruegel, Christopher},
  booktitle={Proc. ACM Conference on Computer and Communications Security (CCS)},
  year={2013}
}

@inproceedings{rossow2013provex,
  title={Provex: Detecting botnets with encrypted command and control channels},
  author={Rossow, Christian and Dietrich, Christian J},
  booktitle={Proc. Conference on Detection of Intrusions and Malware, and Vulnerability Assessment (DIMVA) },
  year={2013}
}

@inproceedings{bai2013authscan,
  title={{AUTHSCAN: Automatic Extraction of Web Authentication Protocols from Implementations}},
  author={Bai, Guangdong and Lei, Jike and Meng, Guozhu and Venkatraman, Sai Sathyanarayan and Saxena, Prateek and Sun, Jun and Liu, Yang and Dong, Jin Song},
  booktitle={Proc. 20th Network and Distributed System Security Symposium},
  year={2013}
}


@inproceedings{wang2013steal,
  title={{Steal This Movie: Automatically Bypassing DRM Protection in Streaming Media Services}},
  author={Wang, Ruoyu and Shoshitaishvili, Yan and Kruegel, Christopher and Vigna, Giovanni},
  booktitle={Proc. USENIX Security Symposium},
  year={2013}
}


@article{ball2013revealed,
  title={Revealed: how US and UK spy agencies defeat internet privacy and security},
  author={Ball, James and Borger, Julian and Greenwald, Glenn},
  journal={The Guardian},
  year={2013}
}



% 2014
@inproceedings{everspaugh2014not,
  title={Not-so-random numbers in virtualized Linux and the Whirlwind RNG},
  author={Everspaugh, Adam and Zhai, Yan and Jellinek, Robert and Ristenpart, Thomas and Swift, Michael},
  booktitle={Security and Privacy (SP), 2014 IEEE Symposium on},
  pages={559--574},
  year={2014},
  organization={IEEE}
}


@inproceedings{costin2014large,
  title={{A Large Scale Analysis of the Security of Embedded Firmwares}},
  author={Costin, Andrei and Zaddach, Jonas and Francillon, Aur{\'e}lien and Balzarotti, Davide and Antipolis, Sophia},
  booktitle={Proc. USENIX Security Symposium},
  year={2014}
}


@inproceedings{lazar2014does,
  title={{Why does cryptographic software fail?: a case study and open problems}},
  author={Lazar, David and Chen, Haogang and Wang, Xi and Zeldovich, Nickolai},
  booktitle={Proc. Asia-Pacific Workshop on Systems (APSys)},
  year={2014}
}

@inproceedings{durumeric2014matter,
  title={The matter of heartbleed},
  author={Durumeric, Zakir and Kasten, James and Adrian, David and Halderman, J Alex and Bailey, Michael and Li, Frank and Weaver, Nicolas and Amann, Johanna and Beekman, Jethro and Payer, Mathias and others},
  booktitle={Proceedings of the 2014 Conference on Internet Measurement Conference},
  pages={475--488},
  year={2014},
  organization={ACM}
}


@inproceedings{li2014icryptotracer,
  title={{iCryptoTracer: Dynamic Analysis on Misuse of Cryptography Functions in iOS Applications}},
  author={Li, Yong and Zhang, Yuanyuan and Li, Juanru and Gu, Dawu},
  booktitle={Proc. International Conference on Network and System Security (NSS)},
  year={2014}
}


@inproceedings{guan2014copker,
  author = {Guan, Le and Lin, Jingqiang and Luo, Bo and Jing, Jiwu},
  title = {{Copker: Computing with Private Keys without RAM}},
  booktitle = {Proc. 21st Annual Network and Distributed System Security Symposium (NDSS)},
  year = {2014}
}

@inproceedings{xu2014autoprobe,
  title={{AutoProbe: Towards Automatic Active Malicious Server Probing Using Dynamic Binary Analysis}},
  author={Xu, Zhaoyan and Nappa, Antonio and Baykov, Robert and Yang, Guangliang and Caballero, Juan and Gu, Guofei},
  booktitle={Proc. ACM Conference on Computer and Communications Security (CCS)},
  year={2014}
}


@article{hales2014nsa,
  title={The NSA Back Door to NIST},
  author={Hales, Thomas C},
  journal={Notices of the AMS},
  year={2014}
}


@inproceedings{zhao2014automatic,
  title={{Automatic Detection and Analysis of Encrypted Messages in Malware}},
  author={Zhao, Ruoxu and Gu, Dawu and Li, Juanru and Zhang, Yuanyuan},
  booktitle={Proc. China International Conference on Information Security and Cryptology (Inscrypt)},
  year={2014}
}



@inproceedings{egele2014blanket,
  title={{Blanket Execution: Dynamic Similarity Testing for Program Binaries and Components}},
  author={Egele, Manuel and Woo, Maverick and Chapman, Peter and Brumley, David},
  booktitle={Proc. Usenix Security Symposium},
  year={2014}
}


% 2015


@inproceedings{yamaguchiautomatic,
  title={{Automatic Inference of Search Patterns for Taint-Style Vulnerabilities}},
  author={Yamaguchi, Fabian and Maier, Alwin and Gascon, Hugo and Rieck, Konrad},
  booktitle={Proc. 36th IEEE Symposium on Security and Privacy},
  year={2015}
}

@inproceedings{johnson2015exploring,
  title={{Exploring and Enforcing Security Guarantees via Program Dependence Graphs}},
  author={Johnson, Andrew and Waye, Lucas and Moore, Scott and Chong, Stephen},
  booktitle={Proc. 36th ACM conference on Programming Language Design and Implementation},
  year={2015}
}

@inproceedings{beurdouche2015messy,
  title={{A Messy State of the Union: Taming the Composite State Machines of TLS}},
  author={Beurdouche, Benjamin and Bhargavan, Karthikeyan and Delignat-Lavaud, Antoine and Fournet, C{\'e}dric and Kohlweiss, Markulf and Pironti, Alfredo and Strub, Pierre-Yves and Zinzindohoue, Jean Karim},
  booktitle={Proc. 36th IEEE Symposium on Security and Privacy},
  year={2015}
}


@inproceedings{lestringant2015automated,
  title={{Automated Identification of Cryptographic Primitives in Binary Code with Data Flow Graph Isomorphism}},
  author={Lestringant, Pierre and Guih{\'e}ry, Fr{\'e}d{\'e}ric and Fouque, Pierre-Alain},
  booktitle={Proc. ACM Symposium on Information, Computer and Communications Security (AsiaCCS)},
  year={2015},
}


% 2016

@inproceedings{andriessedepth,
  title={{An In-Depth Analysis of Disassembly on Full-Scale x86/x64 Binaries}},
  author={Andriesse, Dennis and Chen, Xi and van der Veen, Victor and Slowinska, Asia and Bos, Herbert},
  booktitle={Proc. 25th Usenix Security Symposium},
  year={2016}
}

@inproceedings{lestringant2016assisted,
	title={{Assisted Identification of Mode of Operation in Binary Code with Dynamic Data Flow Slicing}},
	author={{}Lestringant, Pierre and Guih{\'e}ry, Fr{\'e}d{\'e}ric and Fouque, Pierre-Alain},
	booktitle={Proc. International Conference on Applied Cryptography and Network Security (ACNS)},
	year={2016}
}

% 2017

@inproceedings{xu2017cryptographic,
  title={Cryptographic function detection in obfuscated binaries via bit-precise symbolic loop mapping},
  author={Xu, Dongpeng and Ming, Jiang and Wu, Dinghao},
  booktitle={Security and Privacy (SP), 2017 IEEE Symposium on},
  pages={921--937},
  year={2017},
  organization={IEEE}
}


@inproceedings{yang2017dead,
  title={{Dead Store Elimination (Still) Considered Harmful}},
  author={Yang, Zhaomo and Johannesmeyer, Brian and Olesen, Anders Trier and Lerner, Sorin and Levchenko, Kirill},
  booktitle={Proc. 26th Usenix Security Symposium},
  year={2017}
}

@inproceedings{chen2017secure,
  title={{Secure In-cache Execution}},
  author={Chen, Yue and Khandaker, Mustakimur and Wang, Zhi},
  booktitle={Proc. 20th International Symposium on Research in Attacks, Intrusions, and Defenses (RAID)},
  year={2017},
}

@inproceedings{rahaman2017program,
  title={Program Analysis of Cryptographic Implementations for Security},
  author={Rahaman, Sazzadur and Yao, Danfeng},
  booktitle={Proc. IEEE Secure Development Conference (SecDev)},
  year={2017},
}


@phdthesis{lestringant2017thesis,
  title={{Identification of Cryptographic Algorithms in Binary Programs}},
  author={Lestringant, Pierre},
  year={2017},
  school={Universit{\'e} Rennes}
}

@article{aumassonautomated,
  title={{Automated Testing of Crypto Software Using Differential Fuzzing}},
  author={Aumasson, Jean-Philippe and Romailler, Yolan}
}



% 2018

@article{intelx86,
  title={Intel{\textregistered} 64 and IA-32 Architectures Software Developer's Manual},
  journal={Combined Volumes},
  volume={1, 2A, 2B, 2C, 2D, 3A, 3B, 3C, 3D and 4},
  year={2018}
}


%%%%%%%%%%%%%%%%%%%%%%%%%%%%%%%%%%%%%%%%%%%%%%%%%%%%%%%%%%%%%%%%%%%%%%%%%%%%%%%%%%%%%%%%%%%%%%%%%%%%%%%
%%%%%%%%%%%%%%%%%%%%%%%%%%%%%%%%%%%%%%%%%%%%%%%%%%%%%%%%%%%%%%%%%%%%%%%%%%%%%%%%%%%%%%%%%%%%%%%%%%%%%%%
%%%%%%%%%%%%%%%%%%%%%%%%%%%%%%%%%%%%%%%%%%%%%%%%%%%%%%%%%%%%%%%%%%%%%%%%%%%%%%%%%%%%%%%%%%%%%%%%%%%%%%%




@misc{cryptoRules2013,
  title={{Coding rules - Cryptography Coding Standard}},
  author={Aumasson, Jean-Philippe and Lange, Tanja and Mathewson, Nick and Neves, Samuel and Aranha, Diego},
  year={2013},
howpublished={\url{https://cryptocoding.net/index.php/Coding\_rules}}
}


@misc{keyValidated2017,
  title={{Should Curve25519 keys be validated?}},
  author={Jean-Philippe Aumasson},
  year={2013},
  howpublished={\url{https://research.kudelskisecurity.com/2017/04/25/should-ecdh-keys-be-validated/}}
}


@misc{wannakey,
  title={{Wannacry in-memory key recovery for WinXP}},
  howpublished={\url{https://github.com/aguinet/wannakey}},
  author={Adrien Guinet},
  year={2017},
}


@misc{ecdsa2010ps3,
  title={{PS3 Epic Fail}},
howpublished={\url{https://events.ccc.de/congress/2010/Fahrplan/attachments/1780_27c3_console_hacking_2010.pdf}},
author={fail0verflow},
year={2010},
}



@misc{pysymemu,
 title =	{{pysymemu: An Intel 64 Symbolic Emulator}},
 howpublished={\url{https://github.com/feliam/pysymemu}},
 author={feliam},
 year={2015},
}


@misc{das2014iv,
  title={IV= 0 Security Cryptographic Misuse of Libraries},
  author={Das, Somak and Gopal, Vineet and King, Kevin and Venkatraman, Amruth},
  howpublished={https://courses.csail.mit.edu/6.857/2014/files/18-das-gopal-king-venkatraman-IV-equals-zero-security.pdf},
}


@misc{ent_random,
key = {ENT},
title =	{{ENT: A Pseudorandom Number Sequence Test Program}},
howpublished = {\url{http://www.fourmilab.ch/random/}},
%year={2008},
%author={John Walker},
}



@misc{giry2009keylength,
  title={{Keylength--Cryptographic key length recommendation}},
  author={Giry, Damien and Bulens, P},
  howpublished={http://www.keylength.com}
}


@misc{krypto,
title =	{{Schneier on Security: The Doghouse: KRYPTO 2.0}},
  author={Schneier, Bruce},
howpublished={\url{https://www.schneier.com/blog/archives/2006/06/the\_doghouse\_kr.html}},
year = {2006}
}

@misc{propublica,
title =	{{The Best Secure Messaging Tools}},
 author={EFF and ProPublica and Bonneau, Joseph},
howpublished={https://projects.propublica.org\\/graphics/privacy-tools
}}


@misc{pan_malware_rat,
title={{Decrypting NetWire C2 Traffic}},
author={{Palo Alto Networks}},
howpublished={
http://researchcenter.paloaltonetworks.com/2014/08\\/new-release-decrypting-netwire-c2-traffic/}
}


@misc{lib_nacl,
title = {{NACL:Networking and Cryptography library}},
howpublished={http://nacl.cr.yp.to/} }

@misc{keyczar,
title = {{Keyczar}},
howpublished={\url{http://www.keyczar.org/}
} } 

@misc{fireeye2014,
title = {{Cryptographic Vulnerabilities in Android Applications}},
howpublished={
https://www.fireeye.com/blog/threat-research/2015/01/cryptographic_vulner.html
} } 

@misc{truecrypt2015,
title = {{Truecrypt Phase Two Audit Announced}},
howpublished={
https://cryptoservices.github.io/fde/2015/02/18/truecrypt-phase-two.html
} } 

@misc{truecrypt2014,
title = {{iSEC Completes TrueCrypt Audit}},
howpublished={
https://isecpartners.github.io/news/2014/04/14/iSEC-Completes-Truecrypt-Audit.html
} } 


@misc{ipmsg_cryptozoo,
title={{IP Messenger}},
howpublished={\url{https://ipmsg.org/index.html.en}}
%author={Shirouzu Hiroaki},
}


@misc{cryptochief_cryptozoo,
title =	{{Source Code of CryptoChief}},
howpublished={\url{https://github.com/ctfs/write-ups-2014/tree/master/hack-lu-ctf-2014/cryptochief}},
%author={Hack.lu},
}

@misc{imagine_cryptozoo,
title =	{{Imagine: Freeware Image \& Animation Viewer for Windows}},
howpublished={\url{http://www.nyam.pe.kr/dev/imagine/}},
%author={Sejin Chun},

}

@misc{wget_cryptozoo,
title =	{{Wget - GNU Project}},
howpublished={\url{https://www.gnu.org/software/wget/}},
%author={Ruehsen, Tim and Shah, Darshit and Scrivano, Giuseppe},
}

@misc{ccrypt_cryptozoo,
title =	{{ccrypt}},
howpublished={\url{http://ccrypt.sourceforge.net/}},
%author={Peter Selinger},
}

@misc{winrar_cryptozoo,
title =	{{WinRAR archiver, a powerful tool to process RAR and ZIP files}},
howpublished={\url{https://www.rarlab.com/}},
% author={Alexander Roshal},
}

@misc{7zip_cryptozoo,
title =	{{7-Zip}},
howpublished={\url{http://www.7-zip.org/}},
% author={Igor Pavlov},
}

@misc{cryptcat_cryptozoo,
title =	{{Cryptcat Project}},
howpublished={\url{http://cryptcat.sourceforge.net/}}
%author={Hobbit},
}

@misc{mupdf_cryptozoo,
title =	{{MuPDF}},
howpublished={\url{https://mupdf.com/}}
%author={Artifex},
}

@misc{ultrasurf_cryptozoo,
title =	{{Ultrasurf and Ultrareach - Internet Freedom, Privacy, and Security}},
howpublished={\url{https://ultrasurf.us/}}
%author={UltraReach},

}


@misc{putty_cryptozoo,
title={{PuTTY: a free SSH and Telnet client}},
howpublished={\url{https://www.chiark.greenend.org.uk/~sgtatham/putty/}},
%author={Tatham, Simon and Dunn, Owen and Harris, Ben and Nevins, Jacob},
}

@misc{gnutls_cryptozoo,
title={{GnuTLS}},
howpublished={\url{http://www.gnutls.org/}},
%author={Nikos Mavrogiannopoulos},
}

@misc{openssl_cryptozoo,
title={{OpenSSL}},
howpublished={\url{https://www.openssl.org/}},
%author={{OpenSSL Software Foundation}},
}

@misc{mbedtls_cryptozoo,
title={{SSL Library mbed TLS / PolarSSL}},
howpublished={\url{https://tls.mbed.org/}},
%author={{ARM Limited}},
}

@misc{botan_cryptozoo,
title={{Botan: Crypto and TLS for C++11}},
howpublished={\url{https://botan.randombit.net/}},
%author={Jack Lloyd},
}

@misc{cryptopp_cryptozoo,
title={{Crypto++ Library 5.6.5 | Free C++ Class Library of Cryptographic Schemes}},
howpublished={\url{https://www.cryptopp.com/}},
%author={Wei Dai},
}

@misc{libsodium_cryptozoo,
title={{libsodium}},
howpublished={\url{https://download.libsodium.org/doc/}},
%author={Frank Denis},
}

@misc{nettle_cryptozoo,
title={{Nettle - a low-level crypto library}},
howpublished={\url{https://www.lysator.liu.se/~nisse/nettle/}},
%author={ Niels Moeller},
}

@misc{libgcrypt_cryptozoo,
title={{Libgcrypt}},
howpublished={\url{https://gnupg.org/software/libgcrypt/index.html}},
%author={{The GnuPG Project}},
}

@misc{keepass_cryptozoo,
title={{KeePass Password Safe}},
howpublished={\url{https://keepass.info/index.html}},
%author={Dominik Reichl},
}

@misc{enpass_cryptozoo,
title={{Best password manager for iOS, Android, Windows, Linux, Mac | Enpass}},
howpublished={\url{https://www.enpass.io/}},
%author={{Sinew Software Systems }},
}

@misc{wolfssl_cryptozoo,
title={{wolfSSL Embedded SSL/TLS Library}},
howpublished={\url{https://www.wolfssl.com/}},
%author={{wolfSSL Inc.}},
}

@misc{libtomcrypt_cryptozoo,
title={{libtomcrypt}},
howpublished={\url{http://www.libtom.net/LibTomCrypt/}},
%author={{Team libtom}},
}

@misc{wannacry_cryptozoo,
title={{WannaCry ransomware attack - Wikipedia}},
howpublished={\url{https://en.wikipedia.org/wiki/WannaCry_ransomware_attack}},
}
@misc{sage_cryptozoo,
title={{Sage ransomware - Malwarebytes Labs}},
howpublished={\url{https://blog.malwarebytes.com/threat-analysis/2017/03/explained-sage-ransomware/}},
}

@misc{wannacry_cryptozoo,
title={{WannaCry ransomware attack - Wikipedia}},
howpublished={\url{https://en.wikipedia.org/wiki/WannaCry_ransomware_attack}},
}
@misc{aeskeyfind_debian,
title={{Manpages of aeskeyfind in Debian jessie}},
howpublished={\url{https://manpages.debian.org/jessie/aeskeyfind/index.html}},
% author={Heninger, Nadia and Feldman, Ariel},
}

@misc{keepass_sec,
title={{Security -- KeePass}},
howpublished={\url{https://keepass.info/help/base/security.html}},
}


